@misc{insideairbnb,
    author = "Insideairbnb",
    title = "Insideairbnb Get the Data",
    year = "2019",
    howpublished = "\url{http://insideairbnb.com/get-the-data.html}",
    note = "Online; last accessed on 04. March 2019"
  }

@misc{businessinsider,
    author = "{Bort, Julie (Business Insider)}",
    title = "Insideairbnb Get the Data",
    year = "2018",
    howpublished = "\url{https://www.businessinsider.de/airbnb-profit-revenue-2018-2?r=US&IR=T}",
    note = "Online; last accessed on 22. February 2019"
  }

@misc{statberlin:2018,
    author = "{Amt f√ºr Statistik Berlin-Brandenburg}",
    title = "Statistik Berlin-Brandenburg BerlinOpenData Geometrien",
    year = "2019",
    howpublished = "\url{https://www.statistik-berlin-brandenburg.de/produkte/opendata/geometrienOD.asp?Kat=6301}",
    note = "Online; last accessed on 12. November 2018"
  }

@misc{geofabrik:2018,
    author = "Geofabrik",
    title = "Geofabrik Downloads: Europe, Germany, Berlin",
    year = "2019",
    howpublished = "\url{http://download.geofabrik.de/europe/germany/berlin.html}",
    note = "Online; last accessed on 20. November 2018"
  }

@misc{vbb:2019,
    author = "{Verkehrsverbund Berlin-Brandenburg}",
    title = "The company VBB",
    year = "2019",
    howpublished = "\url{https://www.vbb.de/en/about-us/the-company-vbb}",
    note = "Online; last accessed on 14. March 2018"
  }



@article{ingole2013landmark,
  title={Landmark based shortest path detection by using Dijkestra Algorithm and Haversine Formula},
  author={Ingole, PV and Nichat, Mr Mangesh K},
  journal={International Journal of Engineering Research and Applications},
  volume={3},
  pages={162--165},
  year={2013}
}

@inbook{descrstat:2014,
author = {Ibe, Oliver},
year = {2014},
month = {01},
chapter = {8},
publisher = {Academic Press},
title = {Fundamentals of applied probability and random processes. 2nd ed}
}

@misc{airbnb:2019,
  author = {Murray Cox},
  title = {Inside Airbnb},
  year = 2019,
  url = {http://insideairbnb.com/get-the-data.html},
  urldate = {2019-03-10}
}

@techreport{ross2017declutter,
  title={Declutter your R workflow with tidy tools},
  author={Ross, Zev and Wickham, Hadley and Robinson, David},
  year={2017},
  institution={PeerJ Preprints}
}

@article{pebesma2018simple,
  title={Simple Features for R: Standardized Support for Spatial Vector Data},
  author={Pebesma, Edzer},
  journal={The R Journal},
  volume={10},
  number={1},
  pages={439--446},
  year={2018}
}

@article{wang2017price,
  title={Price determinants of sharing economy based accommodation rental: A study of listings from 33 cities on Airbnb. com},
  author={Wang, Dan and Nicolau, Juan L},
  journal={International Journal of Hospitality Management},
  volume={62},
  pages={120--131},
  year={2017},
  publisher={Elsevier}
}

@article{liang2018understanding,
  title={Understanding repurchase intention of Airbnb consumers: perceived authenticity, electronic word-of-mouth, and price sensitivity},
  author={Liang, Lena Jingen and Choi, HS Chris and Joppe, Marion},
  journal={Journal of Travel \& Tourism Marketing},
  volume={35},
  number={1},
  pages={73--89},
  year={2018},
  publisher={Taylor \& Francis}
}

@misc{airbnbstory:2012,
  author={Salter, Jessica (The Telegraph)},
  title={Airbnb: The story behind the /$1.3bn room-letting website},
  website = {The Telegraph},
  url= "\url{https://www.telegraph.co.uk/technology/news/9525267/Airbnb-The-story-behind-the-1.3bn-room-letting-website.html}",
  year={2012},
  note = "Online; last accessed on 15. March 2019"
}

@book{kaufman2009finding,
  title={Finding groups in data: an introduction to cluster analysis},
  author={Kaufman, Leonard and Rousseeuw, Peter J},
  volume={344},
  year={2009},
  publisher={John Wiley \& Sons}
}

@incollection{bock2007clustering,
  title={Clustering methods: a history of k-means algorithms},
  author={Bock, Hans-Hermann},
  booktitle={Selected contributions in data analysis and classification},
  pages={161--172},
  year={2007},
  publisher={Springer}
}

@inbook{tan2018introduction,
  title={Introduction to data mining},
  author={Tan, Pang-Ning},
  chapter = {8},
  year={2018},
  publisher={Pearson Education India}
}

@article{kodinariya2013review,
  title={Review on determining number of Cluster in K-Means Clustering},
  author={Kodinariya, Trupti M and Makwana, Prashant R},
  journal={International Journal},
  volume={1},
  number={6},
  pages={90--95},
  year={2013}
}

@article{madhulatha2012overview,
  title={An overview on clustering methods},
  author={Madhulatha, T Soni},
  journal={arXiv preprint arXiv:1205.1117},
  year={2012}
}

@book{moye2006statistical,
  title={Statistical reasoning in medicine: the intuitive P-value primer},
  author={Moy{\'e}, Lemuel A},
  year={2006},
  publisher={Springer Science \& Business Media}
}

@article{coles2017airbnb,
  title={Airbnb usage across new York City neighborhoods: Geographic patterns and regulatory implications},
  author={Coles, Peter A and Egesdal, Michael and Ellen, Ingrid Gould and Li, Xiaodi and Sundararajan, Arun},
  journal={Forthcoming, Cambridge Handbook on the Law of the Sharing Economy},
  year={2017}
}
